@booklet{compphys,
    author   = "Hjorth-Jensen, Morten",
    title     = "Computational Physics",
    howpublished   = "Lecture notes",
    year      = "2015",
    url  = {https://github.com/CompPhysics/ComputationalPhysics/blob/master/doc/Lectures/lectures2015.pdf}
}

@article{oblig1,
    author    = "Johansson, Anders",
    title     = "Project 1",
    journal   = "FYS3150, Computational Physics",
    pages    = "4-6",
    year      = "2016",
    month    = "9",
    url = {https://github.com/anjohan/Offentlig/blob/master/FYS3150/Oblig1/Johansson_Anders_FYS3150_Oblig1.pdf}
}

@book{uniphys,
  Author = {Hugh D. Young and Roger A. Freedman and A. Lewis Ford},
  Title = {Sears and Zemansky's University Physics with Modern Physics, 13th Edition},
  Publisher = {Addison-Wesley},
  Year = {2011},
  ISBN = {0321696867},
}

@article{birdsong,
    title={Birdsong dialect patterns explained using magnetic domains},
    author={Burridge, James and Kenney, Steven},
    journal={Physical Review E},
    volume={93},
    number={6},
    pages={062402},
    year={2016},
    publisher={APS}
}
@article{top10algo,
    title={The best of the 20th century: editors name top 10 algorithms},
    author={Cipra, Barry A},
    journal={SIAM news},
    volume={33},
    number={4},
    pages={1--2},
    year={2000}
}
